@article{McKay:1991:CCL:114669.114675,
 author = {McKay, Scott},
 title = {CLIM: The Common Lisp Interface Manager},
 journal = {Commun. ACM},
 issue_date = {Sept. 1991},
 volume = {34},
 number = {9},
 month = sep,
 year = {1991},
 issn = {0001-0782},
 pages = {58--59},
 numpages = {2},
 url = {http://doi.acm.org/10.1145/114669.114675},
 doi = {10.1145/114669.114675},
 acmid = {114675},
 publisher = {ACM},
 address = {New York, NY, USA},
} 



@article{Scheifler:1986:XWS:22949.24053,
 author = {Scheifler, Robert W. and Gettys, Jim},
 title = {The X Window System},
 journal = {ACM Trans. Graph.},
 issue_date = {April 1986},
 volume = {5},
 number = {2},
 month = apr,
 year = {1986},
 issn = {0730-0301},
 pages = {79--109},
 numpages = {31},
 url = {http://doi.acm.org/10.1145/22949.24053},
 doi = {10.1145/22949.24053},
 acmid = {24053},
 publisher = {ACM},
 address = {New York, NY, USA},
} 

@book{Pennington:1999:GAD:554548,
 author = {Pennington, Havoc},
 title = {GTK+/Gnome Application Development},
 year = {1999},
 isbn = {0735700788},
 publisher = {New Riders Publishing},
 address = {Thousand Oaks, CA, USA},
} 

@book{Sells:2006:WFP:1146336,
 author = {Sells, Chris and Weinhardt, Michael},
 title = {Windows Forms 2.0 Programming (2Nd Edition) (Microsoft Net Development Series)},
 year = {2006},
 isbn = {0321267966},
 publisher = {Addison-Wesley Professional},
} 

@book{roadmap,
  author = {Kochma≈Ñski, Daniel},
  title = {McCLIM roadmap},
  publisher = {https://common-lisp.net/project/mcclim/involve/ [access [2017-01-30]},
  year = {2016},
}


@book{CLIM2,
  author = {McKay, Scott and York, William},
  title = {CLIM 2.0 Specification},
  publisher = {http://bauhh.dyndns.org:8000/clim-spec/ [access 2017-01-30]},
  year = {1993},
}

@book{ansi:common:lisp,
  author = {},
  title = {INCITS 226-1994[S2008] Information Technology, Programming Language, Common Lisp},
  publisher = {American National Standards Institute},
  year = {1994},
}

@book{GNUEmacsLispReferenceManual,
 author = {Lewis, Bill and LaLiberte, Dan and Stallman, Richard},
 title = {GNU Emacs Lisp Reference Manual},
 year = {2014},
 isbn = {1-882114-74-4},
 publisher = {Free Software Foundation},
 address = {Boston, MA, USA},
}

@book{CraftOfTextEditiing,
  author =       "Craig A. Finseth",
  title =        "The Craft of Text Editing -- Emacs for the Modern
                 World",
  publisher =    {Springer-Verlag},
  pages =        "xii + 220",
  year =         "1991",
  ISBN =         "0-387-97616-7 (New York), 3-540-97616-7 (Berlin)",
  ISBN-13 =      "978-0-387-97616-7 (New York), 978-3-540-97616-5
                 (Berlin)",
  LCCN =         "QA76.76.T49 F56 1991",
  bibdate =      "Mon Oct 4 11:54:52 1993",
  bibsource =    "http://www.math.utah.edu/pub/tex/bib/gnu.bib;
                 Misc/unix.2.bib; Os/unix.2.bib",
  acknowledgement = ack-nhfb,
  libnote =      "Not yet in my library.",
}

@MastersThesis{Finseth:1980:TPTa,
  author =       "Craig A. Finseth",
  title =        "Theory and practice of text editors, or, {A} cookbook
                 for an {Emacs}",
  type =         "Thesis {(B.S.)}",
  school =       "M.I.T., Department of Electrical Engineering and
                 Computer Science",
  address =      "Cambridge, MA, USA",
  pages =        "103",
  year =         "1980",
  bibdate =      "Wed Oct 30 08:29:31 MST 1996",
  bibsource =    "http://www.math.utah.edu/pub/tex/bib/gnu.bib",
  note =         "Supervised by David P. Reed.",
  acknowledgement = ack-nhfb,
  keywords =     "Programming (Electronic computers) --- Handbooks,
                 manuals, etc.",
}

@inproceedings{Strandh:2016:CPE:3005729.3005732,
 author = {Strandh, Robert},
 title = {{A CLOS Protocol for Editor Buffers}},
 booktitle = {Proceedings of the 9th European Lisp Symposium},
 series = {ELS 2016},
 year = {2016},
 isbn = {978-2-9557474-0-7},
 location = {Krak\&\#243;w, Poland},
 pages = {3:21--3:28},
 articleno = {3},
 numpages = {8},
 url = {http://dl.acm.org/citation.cfm?id=3005729.3005732},
 acmid = {3005732},
 publisher = {European Lisp Scientific Activities Association},
 keywords = {CLOS, Common Lisp, Text editor},
}


@inproceedings{Strandh:2015:ELS:Environments,
 author = {Strandh, Robert},
 title = {{First-class Global Environments in Common Lisp}},
 booktitle = {Proceedings of the 8th European Lisp Symposium},
 series = {ELS 2015},
 month = {April},
 year = {2015},
 location = {Goldsmiths, University of London, United Kingdom},
 pages = {79 -- 86},
 url = {http://www.european-lisp-symposium.org/editions/2015/ELS2015.pdf}
}

@inproceedings{Strandh:2007:ECL:1622123.1622150,
 author = {Strandh, Robert and Murray, David and Henriksen, Troels and Rhodes, Christophe},
 title = {{ESA: A CLIM Library for Writing Emacs-Style Applications}},
 booktitle = {Proceedings of the 2007 International Lisp Conference},
 series = {ILC '07},
 year = {2009},
 isbn = {978-1-59593-618-9},
 location = {Cambridge, United Kingdom},
 pages = {24:1--24:10},
 articleno = {24},
 numpages = {10},
 url = {http://doi.acm.org/10.1145/1622123.1622150},
 doi = {10.1145/1622123.1622150},
 acmid = {1622150},
 publisher = {ACM},
 address = {New York, NY, USA},
}

@inproceedings{Strandh:2002:ILC:McCLIM,
 author = {Strandh, Robert and Moore, Timothy},
 title = {A Free Implementation of CLIM},
 booktitle = {Proceedings of the International Lisp Conference},
 series = {ILC 2002},
 month = {October},
 year = {2002},
 location = {San Francisco, California},
}

@InProceedings{Rhodes.etal:2005,
  author =       {Rhodes, Christophe and Strandh, Robert and Mastenbrook, Brian},
  title =        {{Syntax Analysis in the Climacs Text Editor}},
  booktitle =    {Proceedings of the International Lisp Conference},
  series =       {ILC 2005},
  month =        {June},
  year =         {2005},
  location =     {Stanford, California},
}